<record><leader>00000cas a2200000 a 4500</leader><controlfield tag="001">30766158</controlfield><controlfield tag="008">940714c19929999fluwr ne      0   a0eng c</controlfield><datafield ind1=" " ind2=" " tag="010"><subfield code="a">sn 98001910 </subfield></datafield><datafield ind1=" " ind2=" " tag="040"><subfield code="a">FWA</subfield><subfield code="b">eng</subfield><subfield code="c">FWA</subfield><subfield code="d">NSD</subfield><subfield code="d">OCLCQ</subfield></datafield><datafield ind1=" " ind2=" " tag="012"><subfield code="m">0</subfield></datafield><datafield ind1="1" ind2=" " tag="022"><subfield code="a">1097-6469</subfield><subfield code="l">1097-6469</subfield><subfield code="2">1</subfield></datafield><datafield ind1=" " ind2=" " tag="037"><subfield code="b">Bayou Enterprises, Inc., 203 W. John Sims Pkwy., Suite 2, Niceville, FL 32578</subfield></datafield><datafield ind1=" " ind2=" " tag="042"><subfield code="a">nsdp</subfield><subfield code="a">pcc</subfield></datafield><datafield ind1=" " ind2=" " tag="043"><subfield code="a">n-us-fl</subfield></datafield><datafield ind1=" " ind2="4" tag="222"><subfield code="a">The Bay beacon</subfield></datafield><datafield ind1="0" ind2="4" tag="245"><subfield code="a">The Bay beacon.</subfield></datafield><datafield ind1="3" ind2="0" tag="246"><subfield code="a">Beacon</subfield></datafield><datafield ind1=" " ind2=" " tag="260"><subfield code="a">Niceville, Fla. :</subfield><subfield code="b">Bayou Enterprises</subfield></datafield><datafield ind1=" " ind2=" " tag="300"><subfield code="a">v. :</subfield><subfield code="b">ill. ;</subfield><subfield code="c">58 cm.</subfield></datafield><datafield ind1=" " ind2=" " tag="310"><subfield code="a">Weekly</subfield></datafield><datafield ind1="1" ind2=" " tag="362"><subfield code="a">Began Apr. 22, 1992.</subfield></datafield><datafield ind1=" " ind2=" " tag="588"><subfield code="a">Description based on: May 11, 1994.</subfield></datafield><datafield ind1=" " ind2=" " tag="588"><subfield code="a">Latest issue consulted: July 13, 1994.</subfield></datafield><datafield ind1=" " ind2="4" tag="651"><subfield code="a">Niceville (Fla.)</subfield><subfield code="v">Newspapers.</subfield></datafield><datafield ind1=" " ind2="4" tag="651"><subfield code="a">Valparaiso (Fla.)</subfield><subfield code="v">Newspapers.</subfield></datafield><datafield ind1=" " ind2=" " tag="752"><subfield code="a">United States</subfield><subfield code="b">Florida</subfield><subfield code="c">Okaloosa</subfield><subfield code="d">Niceville.</subfield></datafield><datafield ind1=" " ind2=" " tag="752"><subfield code="a">United States</subfield><subfield code="b">Florida</subfield><subfield code="c">Okaloosa</subfield><subfield code="d">Valparaiso.</subfield></datafield><datafield ind1="1" ind2=" " tag="029"><subfield code="a">AU@</subfield><subfield code="b">000025926201</subfield></datafield></record>